@inproceedings{khakzar-2021,
  author    = {Ashkan Khakzar 
  and Soroosh Baselizadeh
  and Saurabh Khanduja
  and Seong Tae Kim
  and Nassir Navab},
  title     = {Neural Response Interpretation through the Lens of Critical Paths},
  booktitle = {CVPR},
  year      = {2021},
}

@article{farbman2008edge,
  title={Edge-preserving decompositions for multi-scale tone and detail manipulation},
  author={Farbman, Zeev and Fattal, Raanan and Lischinski, Dani and Szeliski, Richard},
  journal={ACM Transactions on Graphics (TOG)},
  volume={27},
  number={3},
  pages={1--10},
  year={2008},
  publisher={ACM New York, NY, USA}
}

@article{rueckert1999nonrigid,
  title={Nonrigid registration using free-form deformations: application to breast MR images},
  author={Rueckert, Daniel and Sonoda, Luke I and Hayes, Carmel and Hill, Derek LG and Leach, Martin O and Hawkes, David J},
  journal={IEEE transactions on medical imaging},
  volume={18},
  number={8},
  pages={712--721},
  year={1999},
  publisher={IEEE}
}

@inproceedings{slavcheva2017killingfusion,
  title={Killingfusion: Non-rigid 3d reconstruction without correspondences},
  author={Slavcheva, Miroslava and Baust, Maximilian and Cremers, Daniel and Ilic, Slobodan},
  booktitle={CVPR},
  year={2017}
}

